<?xml version="1.0" encoding="UTF-8"?><record xmlns="http://www.loc.gov/MARC21/slim" xmlns:cinclude="http://apache.org/cocoon/include/1.0" xmlns:zs="http://www.loc.gov/zing/srw/">
  <leader>00348nz  a2200133n  4500</leader>
  <controlfield tag="001">n  92033914 </controlfield>
  <controlfield tag="003">DLC</controlfield>
  <controlfield tag="005">19920326133107.4</controlfield>
  <controlfield tag="008">920326n| acannaab|          |a aaa |||  </controlfield>
  <datafield tag="010" ind1=" " ind2=" ">
    <subfield code="a">n  92033914 </subfield>
  </datafield>
  <datafield tag="040" ind1=" " ind2=" ">
    <subfield code="a">DLC</subfield>
    <subfield code="c">DLC</subfield>
  </datafield>
  <datafield tag="100" ind1="1" ind2="0">
    <subfield code="a">Wilson, Ron,</subfield>
    <subfield code="d">1941-</subfield>
    <subfield code="t">Diplodocus.</subfield>
    <subfield code="l">Spanish</subfield>
  </datafield>
  <datafield tag="400" ind1="1" ind2="0">
    <subfield code="a">Wilson, Ron,</subfield>
    <subfield code="d">1941-</subfield>
    <subfield code="t">Diplodoco</subfield>
  </datafield>
  <datafield tag="670" ind1=" " ind2=" ">
    <subfield code="a">His El diplodoco, 1992.</subfield>
  </datafield>
</record>